<record><leader>00000cas a22000007a 4500</leader><controlfield tag="001">34414705</controlfield><controlfield tag="008">960320d19041905okuwr n       0    0eng d</controlfield><datafield ind1=" " ind2=" " tag="010"><subfield code="a">sn 96087594 </subfield></datafield><datafield ind1=" " ind2=" " tag="040"><subfield code="a">OBN</subfield><subfield code="b">eng</subfield><subfield code="c">OBN</subfield><subfield code="d">OCLCQ</subfield><subfield code="d">OCLCF</subfield><subfield code="d">OCLCO</subfield></datafield><datafield ind1="1" ind2=" " tag="029"><subfield code="a">AU@</subfield><subfield code="b">000025920345</subfield></datafield><datafield ind1=" " ind2=" " tag="042"><subfield code="a">msc</subfield></datafield><datafield ind1=" " ind2=" " tag="043"><subfield code="a">n-us-ok</subfield></datafield><datafield ind1="0" ind2=" " tag="130"><subfield code="a">Faxon weekly star (Faxon, Okla. : 1904)</subfield></datafield><datafield ind1="1" ind2="0" tag="245"><subfield code="a">Faxon weekly star.</subfield></datafield><datafield ind1="3" ind2=" " tag="246"><subfield code="a">Faxon star</subfield></datafield><datafield ind1=" " ind2=" " tag="260"><subfield code="a">Faxon, Okla. :</subfield><subfield code="b">Thornton &amp; Bently</subfield></datafield><datafield ind1=" " ind2=" " tag="300"><subfield code="a">v.</subfield></datafield><datafield ind1=" " ind2=" " tag="310"><subfield code="a">Weekly</subfield></datafield><datafield ind1="0" ind2=" " tag="362"><subfield code="a">Vol. 1, no. 1 (Mar. 10, 1904)-v. 2, no. 3 (Sep. 29, 1905).</subfield></datafield><datafield ind1=" " ind2="0" tag="651"><subfield code="a">Faxon (Okla.)</subfield><subfield code="v">Newspapers.</subfield></datafield><datafield ind1=" " ind2="0" tag="651"><subfield code="a">Comanche County (Okla.)</subfield><subfield code="v">Newspapers.</subfield></datafield><datafield ind1=" " ind2="7" tag="655"><subfield code="a">Newspapers.</subfield><subfield code="2">fast</subfield><subfield code="0">(OCoLC)fst01423814</subfield></datafield><datafield ind1=" " ind2="7" tag="651"><subfield code="a">Oklahoma</subfield><subfield code="z">Comanche County.</subfield><subfield code="2">fast</subfield><subfield code="0">(OCoLC)fst01218116</subfield></datafield><datafield ind1=" " ind2="7" tag="651"><subfield code="a">Oklahoma</subfield><subfield code="z">Faxon.</subfield><subfield code="2">fast</subfield><subfield code="0">(OCoLC)fst01303387</subfield></datafield><datafield ind1=" " ind2=" " tag="752"><subfield code="a">United States</subfield><subfield code="b">Oklahoma</subfield><subfield code="c">Comanche</subfield><subfield code="d">Faxon.</subfield></datafield><datafield ind1="0" ind2="0" tag="785"><subfield code="t">Faxon star (Faxon, Okla. :1906)</subfield><subfield code="w">(DLC)sn 96087595</subfield><subfield code="w">(OCoLC)34416856</subfield></datafield></record>